% Encoding: UTF-8

@Online{komascript:doku,
  author   = {Markus Kohm},
  title    = {Die Anleitung KOMA-Script},
  year     = {2021},
  url      = {https://komascript.de/~mkohm/scrguide.pdf},
  subtitle = {Stand 32021-02-05},
  urldate  = {2021-06-07},
}

@Online{enumerate,
  author  = {Sascha Frank},
  title   = {Auflistungen \& Aufzählungen},
  date    = {2018-01},
  url     = {https://www.namsu.de/Extra/befehle/Auflistungen.html},
  urldate = {2018-01-29},
}

@Book{schlosser:einfuehrung,
  author    = {Joachim Schlosser},
  title     = {Wissenschaftliche Arbeiten schreiben mit LaTeX},
  year      = {2016},
  edition   = {6. Auflage},
  publisher = {mitp},
  isbn      = {978-3-95845-289-3},
}

@Online{scholz,
  author   = {Dieter Scholz},
  title    = {Diplomarbeiten normgerecht verfassen},
  year     = {2006},
  url      = {http://buch.profscholz.de/},
  subtitle = {Schreibtipps zur Gestaltung von Studien-, Diplom- und Doktorarbeiten},
  urldate  = {2018-02-01},
}

@Online{scholz:latexvorlage,
  author   = {Dieter Scholz},
  title    = {Schreibtipps zur Gestaltung von Studien-, Diplom- und Doktorarbeiten – LaTeX-Vorlage},
  url      = {http://www.fzt.haw-hamburg.de/pers/Scholz/schreibtipps/Schreibtipps_LaTeX_Vorlage.zip},
  subtitle = {Musterdateien einer Diplomarbeit für LaTeX},
  urldate  = {2018-02-01},
}

@Online{ProGit,
  author  = {Scott Chacon, Ben Straub},
  title   = {Pro Git},
  year    = {2014},
  url     = {https://git-scm.com/book/en/v2},
  urldate = {2018-02-04},
}

@Online{JabRef,
  title   = {JabRef – open source bibliography reference manager},
  url     = {http://www.jabref.org/#jabref},
  urldate = {2018-02-04},
}

@Online{texstudio,
  title   = {TeXstudio – integrated writing environment for creating LaTeX documents},
  url     = {https://www.texstudio.org/},
  urldate = {2018-02-04},
}

@Online{texmaker,
  title   = {TEXMAKER Free cross-platform LaTeX editor},
  url     = {http://www.xm1math.net/texmaker/index.html},
  urldate = {2018-02-04},
}

@Online{VSCode,
  title   = {Visual Studio Code},
  url     = {https://code.visualstudio.com/},
  urldate = {2018-02-04},
}

@Online{VSCode:LatexWorkshop,
  author  = {James Yu},
  title   = {LaTeX Workshop},
  url     = {https://marketplace.visualstudio.com/items?itemName=James-Yu.latex-workshop},
  urldate = {2018-02-04},
}

@Book{hacks,
  author    = {Anselm Lingnau},
  title     = {LaTeX Hacks},
  year      = {2007},
  subtitle  = {Tipps und Techniken für den professionellen Textsatz},
  publisher = {O'Reilly},
}

@Book{cookbook,
  author    = {Stefan Kottwitz},
  title     = {LaTeX Cookbook},
  year      = {2015},
  publisher = {Packt Publishing Limited},
}

@Online{rmf:workflow,
  author  = {Rainer-Maria Fritsch},
  title   = {Ein Workflow für ein Sachbuch},
  url     = {https://texlatex.rmf.berlin/journal/articles/ein-workflow-f%C3%BCr-ein-sachbuch.html},
  urldate = {2018-03-14},
}

 @article{heise13,
 		author  = {Ingo T. Storm},
    title   = {3, 2, 1 – ewig deins! So finden Sie die richtige Backup-Strategie},
    journal = {c't -- Magazin für Computertechnik},
    volume  = {13},
    year    = {2013},
    pages   = {112},
}

@Book{passig,
	author		= {Kathrin Passig and Johannes Jander},
	title			=	{Weniger schlecht programmieren},
	publisher	= {O’Reilly},
	date			=	{2013},
	location		=	{Heidelberg},
}
@online{unbekannt,
author  = {unbekannt},
  title   = {Techniken wissenschaftlichen Arbeitens},
  url     = {http://www.techniken-wissenschaftlichen-arbeitens.de/organisation/arbeitszeit.htm},
  urldate = {2018-03-14},
}

@Online{w3l,
  author  = {W3L GmbH},
  title   = {Wissenschaftliches Arbeiten},
  url     = {https://www.springer-campus-it-onlinestudium.de/w3lmedia/W3L/Medium136569/WissenschaftlichesArbeiten_Auflage_2_Praesentation2011.pptx},
  urldate = {2018-03-14},
}



@Comment{jabref-meta: databaseType:biblatex;}
